@article{finan2015personnel,
  title={The personnel economics of the state},
  author={Finan, Frederico and Olken, Benjamin A and Pande, Rohini},
  year={2015},
  publisher={National Bureau of Economic Research}
}
@techreport{best2017individuals,
  title={Individuals and organizations as sources of state effectiveness},
  author={Best, Michael Carlos and Hjort, Jonas and Szakonyi, David},
  year={2017},
  institution={National Bureau of Economic Research}
}
